<record><leader>00000cas a22000007a 4500</leader><controlfield tag="001">9321526</controlfield><controlfield tag="008">830318d18421844nyudn ne      0    0eng d</controlfield><datafield ind1=" " ind2=" " tag="010"><subfield code="a">sn 83030029 </subfield><subfield code="z">sn 83030028 </subfield></datafield><datafield ind1=" " ind2=" " tag="040"><subfield code="a">NPU</subfield><subfield code="b">eng</subfield><subfield code="c">NPU</subfield><subfield code="d">NPX</subfield><subfield code="d">DLC</subfield><subfield code="d">NPA</subfield><subfield code="d">OCL</subfield><subfield code="d">MGN</subfield><subfield code="d">NYS</subfield><subfield code="d">OCL</subfield><subfield code="d">OCLCQ</subfield><subfield code="d">OCLCF</subfield><subfield code="d">OCLCO</subfield></datafield><datafield ind1=" " ind2=" " tag="019"><subfield code="a">9321295</subfield></datafield><datafield ind1="1" ind2=" " tag="029"><subfield code="a">AU@</subfield><subfield code="b">000020125833</subfield></datafield><datafield ind1=" " ind2=" " tag="042"><subfield code="a">msc</subfield></datafield><datafield ind1=" " ind2=" " tag="043"><subfield code="a">n-us-ny</subfield></datafield><datafield ind1="0" ind2="0" tag="050"><subfield code="a">Newspaper 8829-X</subfield></datafield><datafield ind1="0" ind2="4" tag="245"><subfield code="a">The New York Aurora.</subfield></datafield><datafield ind1="1" ind2="3" tag="246"><subfield code="a">New York aurora and union</subfield><subfield code="f">&lt;Mar. 17, 1843&gt;-&lt;Aug. 1843&gt;</subfield></datafield><datafield ind1=" " ind2=" " tag="260"><subfield code="a">New York [N.Y.] :</subfield><subfield code="b">Herrick &amp; Ropes</subfield></datafield><datafield ind1=" " ind2=" " tag="300"><subfield code="a">v. ;</subfield><subfield code="c">52-57 cm.</subfield></datafield><datafield ind1=" " ind2=" " tag="310"><subfield code="a">Daily (except Sun.)</subfield></datafield><datafield ind1="1" ind2=" " tag="362"><subfield code="a">Began with Feb. 1, 1842 issue; ceased in May 1844?</subfield><subfield code="z">Cf. Gregory, W. Amer. newspapers.</subfield></datafield><datafield ind1=" " ind2=" " tag="500"><subfield code="a">Published as: New York aurora and union &lt;Mar. 17, 1843&gt;-&lt;Aug. 1843&gt;. Cf. Gregory, W. Amer. newspapers.</subfield></datafield><datafield ind1=" " ind2=" " tag="500"><subfield code="a">Has occasional extra editions.</subfield></datafield><datafield ind1=" " ind2=" " tag="500"><subfield code="a">Publishers: Herrick &amp; Ropes, &lt;1843&gt;; A. Herrick, &lt;1844&gt;; Thomas Dunn English, &lt;1844&gt;.</subfield></datafield><datafield ind1=" " ind2=" " tag="500"><subfield code="a">Editors: Herrick &amp; Ropes, &lt;1843&gt;; A. Herrick, &lt;1844&gt;; Thomas Dunn English, &lt;1844&gt;.</subfield></datafield><datafield ind1=" " ind2=" " tag="500"><subfield code="a">Democratic. Cf. Fox, L.H. New York City newspapers.</subfield></datafield><datafield ind1=" " ind2=" " tag="525"><subfield code="a">Issued an illustrated extra called: Reception of Boz by the Gothamethes.</subfield></datafield><datafield ind1=" " ind2=" " tag="580"><subfield code="a">Weekly eds.: Dollar weekly; Atlas (New York, N.Y. : 1840).</subfield></datafield><datafield ind1=" " ind2=" " tag="588"><subfield code="a">Description based on: Vol. 1, no. 109 (Mar. 31, 1842).</subfield></datafield><datafield ind1=" " ind2="0" tag="651"><subfield code="a">New York (N.Y.)</subfield><subfield code="v">Newspapers.</subfield></datafield><datafield ind1=" " ind2="7" tag="655"><subfield code="a">Newspapers.</subfield><subfield code="2">fast</subfield><subfield code="0">(OCoLC)fst01423814</subfield></datafield><datafield ind1=" " ind2="7" tag="651"><subfield code="a">New York (State)</subfield><subfield code="z">New York.</subfield><subfield code="2">fast</subfield><subfield code="0">(OCoLC)fst01204333</subfield></datafield><datafield ind1=" " ind2=" " tag="752"><subfield code="a">United States</subfield><subfield code="b">New York</subfield><subfield code="c">New York</subfield><subfield code="d">New York.</subfield></datafield><datafield ind1="1" ind2=" " tag="775"><subfield code="t">Dollar weekly</subfield><subfield code="w">(DLC)sn 85025879</subfield></datafield><datafield ind1="1" ind2=" " tag="775"><subfield code="t">Atlas (New York, N.Y. : 1840)</subfield><subfield code="w">(DLC)sn 83030223</subfield></datafield><datafield ind1="0" ind2="5" tag="780"><subfield code="t">Union (New York, N.Y. : 1842)</subfield><subfield code="w">(DLC)sn 83031048</subfield></datafield><datafield ind1="0" ind2="4" tag="785"><subfield code="t">Daily plebeian</subfield><subfield code="w">(DLC)sn 83030167</subfield></datafield></record>